<?xml version="1.0" encoding="UTF-8"?><record xmlns="http://www.loc.gov/MARC21/slim" xmlns:cinclude="http://apache.org/cocoon/include/1.0" xmlns:zs="http://www.loc.gov/zing/srw/">
  <leader>00319cz  a2200121n  4500</leader>
  <controlfield tag="001">n  90639656 </controlfield>
  <controlfield tag="003">DLC</controlfield>
  <controlfield tag="005">19900507132237.0</controlfield>
  <controlfield tag="008">900502n| acannaab|          |n aaa |||  </controlfield>
  <datafield tag="010" ind1=" " ind2=" ">
    <subfield code="a">n  90639656 </subfield>
  </datafield>
  <datafield tag="040" ind1=" " ind2=" ">
    <subfield code="a">DLC</subfield>
    <subfield code="c">DLC</subfield>
    <subfield code="d">DLC</subfield>
  </datafield>
  <datafield tag="100" ind1="1" ind2="0">
    <subfield code="a">Kondrashov, L. G.</subfield>
  </datafield>
  <datafield tag="670" ind1=" " ind2=" ">
    <subfield code="a">TikhookeanskiiĚ region, 1987:</subfield>
    <subfield code="b">verso t.p. (L.G. Kondrashov)</subfield>
  </datafield>
</record>